@article{1246384,
	author={O'Gorman, L.},
	journal={Proceedings of the IEEE}, 
	title={Comparing passwords, tokens, and biometrics for user authentication}, 
	year={2003},
	volume={91},
	number={12},
	pages={2021-2040},
	doi={10.1109/JPROC.2003.819611}
}

@techreport{florencio2006a,
	author = {Florencio, Dinei and Herley, Cormac},
	title = {A Large Scale Study of Web Password Habits},
	year = {2006},
	month = {November},
	url = {https://www.microsoft.com/en-us/research/publication/a-large-scale-study-of-web-password-habits/},
	pages = {10},
	number = {MSR-TR-2006-166},
	institution = {Microsoft}
}

@online{Bitwarde48:online,
	title = {{Bitwarden Open Source Password Manager}},
	howpublished = {\url{https://bitwarden.com/}},
	note = {(Accessed on April 14, 2022)}
}

@online{KeePassP1:online,
	title = {{KeePass Password Safe}},
	howpublished = {\url{https://keepass.info/}},
	note = {(Accessed on April 14, 2022)}
}

@inproceedings{10.1007/978-3-642-37282-7_14,
	author="Suoranta, Sanna
	and Tontti, Asko
	and Ruuskanen, Joonas
	and Aura, Tuomas",
	editor="Fischer-H{\"u}bner, Simone
	and de Leeuw, Elisabeth
	and Mitchell, Chris",
	title="Logout in Single Sign-on Systems",
	booktitle="Policies and Research in Identity Management",
	year="2013",
	publisher="Springer Berlin Heidelberg",
	address="Berlin, Heidelberg",
	pages="147--160",
	isbn="978-3-642-37282-7"
}
