@INPROCEEDINGS{4531148,
	author={Narayanan, Arvind and Shmatikov, Vitaly},
	booktitle={2008 IEEE Symposium on Security and Privacy (sp 2008)},
	title={{Robust De-anonymization of Large Sparse Datasets}},
	year={2008},
	volume={},
	number={},
	pages={111-125},
	doi={10.1109/SP.2008.33}
}

@misc{AndifYou17:online,
	author = {},
	title = {{And if You Liked the Movie, a Netflix Contest May Reward You Handsomely - The New York 
	Times}},
	howpublished = {\url{https://www.nytimes.com/2006/10/02/technology/02netflix.html}},
	month = {},
	year = {},
	note = {(Accessed on Oct 24 2021)}
}

@article{sweeney_2021,
	title={{Weaving Technology and Policy Together to Maintain Confidentiality}},
	volume={25},
	DOI={10.1111/j.1748-720X.1997.tb01885.x},
	number={2-3},
	journal={Journal of Law, Medicine \& Ethics},
	publisher={Cambridge University Press},
	author={Sweeney, Latanya},
	year={2021},
	pages={98â€“110}
}