@article{10.1145/1749603.1749605,
	author = {Fung, Benjamin C. M. and Wang, Ke and Chen, Rui and Yu, Philip S.},
	title = {{Privacy-Preserving Data Publishing: A Survey of Recent Developments}},
	year = {2010},
	issue_date = {June 2010},
	publisher = {Association for Computing Machinery},
	address = {New York, NY, USA},
	volume = {42},
	number = {4},
	issn = {0360-0300},
	doi = {10.1145/1749603.1749605},
	journal = {ACM Comput. Surv.},
	month = jun,
	articleno = {14},
	numpages = {53}
}

@book{10.5555/1855031,
	author = {Fung, Benjamin C.M. and Wang, Ke and Fu, Ada Wai-Chee and Yu, Philip S.},
	title = {Introduction to Privacy-Preserving Data Publishing: Concepts and Techniques},
	year = {2010},
	isbn = {1420091484},
	publisher = {Chapman \& Hall/CRC},
	edition = {1st}
}

@article{sweeney_2021,
	title={{Weaving Technology and Policy Together to Maintain Confidentiality}},
	volume={25},
	DOI={10.1111/j.1748-720X.1997.tb01885.x},
	number={2-3},
	journal={Journal of Law, Medicine \& Ethics},
	publisher={Cambridge University Press},
	author={Sweeney, Latanya},
	year={2021},
	pages={98â€“110}
}

@book{emam2013anonymizing,
	title={Anonymizing Health Data: Case Studies and Methods to Get You Started},
	author={Emam, K.E. and Arbuckle, L.},
	isbn={9781449363031},
	year={2013},
	publisher={O'Reilly Media}
}

@article{Sweeney2002kAnonymityAM,
	title={{$k$-Anonymity: A Model for Protecting Privacy}},
	author={Latanya Sweeney},
	journal={Int. J. Uncertain. Fuzziness Knowl. Based Syst.},
	year={2002},
	volume={10},
	pages={557-570}
}

@article{Machanavajjhala2006LdiversityPB,
	title={{$\ell$-Diversity: Privacy Beyond $k$-anonymity}},
	author={Ashwin Machanavajjhala and Daniel Kifer and Johannes Gehrke and Muthuramakrishnan Venkitasubramaniam},
	journal={22nd International Conference on Data Engineering (ICDE'06)},
	year={2006},
	pages={24-24}
}
