@inproceedings{10.1145/2426656.2426685,
    author = {Musa, A. B. M. and Eriksson, Jakob},
    title = {{Tracking Unmodified Smartphones Using Wi-Fi Monitors}},
    year = {2012},
    isbn = {9781450311694},
    publisher = {Association for Computing Machinery},
    address = {New York, NY, USA},
    doi = {10.1145/2426656.2426685},
    booktitle = {Proceedings of the 10th ACM Conference on Embedded Network 
                 Sensor Systems},
    pages = {281–294},
    numpages = {14},
    location = {Toronto, Ontario, Canada},
    series = {SenSys '12}
}

@article{deMontjoye2013UniqueIT,
    title={{Unique in the Crowd: The privacy bounds of human mobility}},
    author={Yves-Alexandre de Montjoye and C{\'e}sar A. Hidalgo and Michel Verleysen and Vincent D. Blondel},
    journal={Scientific Reports},
    year={2013},
    volume={3}
}

@inproceedings{10.1145/1287853.1287866,
    author = {Pang, Jeffrey and Greenstein, Ben and Gummadi, Ramakrishna and Seshan, Srinivasan and Wetherall, David},
    title = {{802.11 User Fingerprinting}},
    year = {2007},
    isbn = {9781595936813},
    publisher = {Association for Computing Machinery},
    address = {New York, NY, USA},
    doi = {10.1145/1287853.1287866},
    booktitle = {Proceedings of the 13th Annual ACM International Conference on Mobile Computing and Networking},
    pages = {99–110},
    numpages = {12},
    keywords = {privacy, anonymity, wireless, 802.11},
    location = {Montr\'{e}al, Qu\'{e}bec, Canada},
    series = {MobiCom '07}
}

@inproceedings{10.1145/2611264.2611266,
    author = {Demir, Levent and Cunche, Mathieu and Lauradoux, C\'{e}dric},
    title = {{Analysing the Privacy Policies of Wi-Fi Trackers}},
    year = {2014},
    isbn = {9781450328258},
    publisher = {Association for Computing Machinery},
    address = {New York, NY, USA},
    doi = {10.1145/2611264.2611266},
    booktitle = {Proceedings of the 2014 Workshop on Physical Analytics},
    pages = {39–44},
    numpages = {6},
    location = {Bretton Woods, New Hampshire, USA},
    series = {WPA '14}
}

@ARTICLE{8329504,
    author={Liu, Bo and Zhou, Wanlei and Zhu, Tianqing and Gao, Longxiang and Xiang, Yong},
    journal={IEEE Access},
    title={Location Privacy and Its Applications: A Systematic Study},  
    year={2018},
    volume={6},
    number={},
    pages={17606-17624},
    doi={10.1109/ACCESS.2018.2822260}
}
